<record><leader>00000cas a2200000 a 4500</leader><controlfield tag="001">9862034</controlfield><controlfield tag="008">830830d1923198umaudn ne      0    0armxc</controlfield><datafield ind1=" " ind2=" " tag="010"><subfield code="a">sn 83045055 </subfield></datafield><datafield ind1=" " ind2=" " tag="040"><subfield code="a">CRL</subfield><subfield code="b">eng</subfield><subfield code="c">CRL</subfield><subfield code="d">NPW</subfield><subfield code="d">NSD</subfield><subfield code="d">OCL</subfield><subfield code="d">CRL</subfield><subfield code="d">MGN</subfield><subfield code="d">OCLCQ</subfield><subfield code="d">DLC</subfield><subfield code="d">OCLCQ</subfield><subfield code="d">OCLCF</subfield><subfield code="d">OCLCO</subfield></datafield><datafield ind1="1" ind2=" " tag="029"><subfield code="a">AU@</subfield><subfield code="b">000041417298</subfield></datafield><datafield ind1=" " ind2=" " tag="042"><subfield code="a">pcc</subfield></datafield><datafield ind1=" " ind2=" " tag="043"><subfield code="a">n-us---</subfield></datafield><datafield ind1="0" ind2="0" tag="245"><subfield code="a">Payk&#699;ar =</subfield><subfield code="b">Baikar.</subfield></datafield><datafield ind1="3" ind2="1" tag="246"><subfield code="a">Baikar</subfield></datafield><datafield ind1="1" ind2="3" tag="246"><subfield code="a">Baykar</subfield></datafield><datafield ind1=" " ind2=" " tag="260"><subfield code="a">Boston, Mass. :</subfield><subfield code="b">Baikar Pub. Co.,</subfield><subfield code="c">1923-</subfield></datafield><datafield ind1=" " ind2=" " tag="300"><subfield code="a">v. :</subfield><subfield code="b">ill. ;</subfield><subfield code="c">56 cm.</subfield></datafield><datafield ind1=" " ind2=" " tag="310"><subfield code="a">Daily (except Monday and day following holiday)</subfield></datafield><datafield ind1="0" ind2=" " tag="362"><subfield code="a">1. tari, t&#699;iw 1 (Yunuar 1, 1923)-</subfield></datafield><datafield ind1=" " ind2=" " tag="500"><subfield code="a">Published in Watertown, Mass., Jan. 30, 1962-</subfield></datafield><datafield ind1=" " ind2=" " tag="515"><subfield code="a">Issues for &lt;Jan. 1, 1939-Dec. 31, 1976&gt; called also 9016-21,125.</subfield></datafield><datafield ind1=" " ind2=" " tag="530"><subfield code="a">Also issued on microfilm from the Library of Congress, Photoduplication Service.</subfield></datafield><datafield ind1=" " ind2=" " tag="546"><subfield code="a">In Armenian.</subfield></datafield><datafield ind1=" " ind2=" " tag="550"><subfield code="a">Organ of: Democratic Liberal Party of Armenia, 1923-April 3, 1926.</subfield></datafield><datafield ind1=" " ind2="0" tag="650"><subfield code="a">Armenians</subfield><subfield code="z">United States</subfield><subfield code="v">Newspapers.</subfield></datafield><datafield ind1=" " ind2="7" tag="655"><subfield code="a">Newspapers.</subfield><subfield code="2">fast</subfield><subfield code="0">(OCoLC)fst01423814</subfield></datafield><datafield ind1=" " ind2="7" tag="650"><subfield code="a">Armenians.</subfield><subfield code="2">fast</subfield><subfield code="0">(OCoLC)fst00814767</subfield></datafield><datafield ind1=" " ind2="7" tag="651"><subfield code="a">United States.</subfield><subfield code="2">fast</subfield><subfield code="0">(OCoLC)fst01204155</subfield></datafield><datafield ind1="2" ind2=" " tag="710"><subfield code="a">Democratic Liberal Party of Armenia (U.S.)</subfield></datafield><datafield ind1=" " ind2=" " tag="752"><subfield code="a">United States</subfield><subfield code="b">Massachusetts</subfield><subfield code="c">Suffolk</subfield><subfield code="d">Boston.</subfield></datafield><datafield ind1=" " ind2=" " tag="752"><subfield code="a">United States</subfield><subfield code="b">Massachusetts</subfield><subfield code="c">Middlesex</subfield><subfield code="d">Watertown.</subfield></datafield><datafield ind1="0" ind2="0" tag="780"><subfield code="t">Azg-pahak</subfield><subfield code="w">(DLC)sn 83045849</subfield><subfield code="w">(OCoLC)9861962</subfield></datafield><datafield ind1="0" ind2="0" tag="785"><subfield code="t">Payk&#699;ar shabat&#699;at&#699;ert&#699;</subfield><subfield code="x">0741-8396</subfield><subfield code="w">(DLC)sn 83005385</subfield><subfield code="w">(OCoLC)10213670</subfield></datafield></record>